<record><leader>00000cas a22000007a 4500</leader><controlfield tag="001">17537085</controlfield><controlfield tag="008">880225d19761981ohuwr ne      0    0eng d</controlfield><datafield ind1=" " ind2=" " tag="010"><subfield code="a">sn 88077166 </subfield></datafield><datafield ind1=" " ind2=" " tag="040"><subfield code="a">ONP</subfield><subfield code="b">eng</subfield><subfield code="c">ONP</subfield><subfield code="d">OCLCQ</subfield></datafield><datafield ind1=" " ind2=" " tag="042"><subfield code="a">msc</subfield></datafield><datafield ind1="0" ind2="0" tag="245"><subfield code="a">Trotwood sentinel.</subfield></datafield><datafield ind1=" " ind2=" " tag="260"><subfield code="a">Trotwood, Ohio :</subfield><subfield code="b">Roof Pub. Corp.,</subfield><subfield code="c">1976-1981.</subfield></datafield><datafield ind1=" " ind2=" " tag="300"><subfield code="a">v.</subfield></datafield><datafield ind1=" " ind2=" " tag="310"><subfield code="a">Weekly</subfield></datafield><datafield ind1="0" ind2=" " tag="362"><subfield code="a">Vol. 15, no. 14 (May 19, 1976)-v. 19, no. 49 (Jan. 14, 1981).</subfield></datafield><datafield ind1=" " ind2=" " tag="515"><subfield code="a">Numbering is irregular.</subfield></datafield><datafield ind1=" " ind2="4" tag="651"><subfield code="a">Trotwood (Ohio)</subfield><subfield code="v">Newspapers.</subfield></datafield><datafield ind1=" " ind2="4" tag="651"><subfield code="a">Montgomery County (Ohio)</subfield><subfield code="v">Newspapers.</subfield></datafield><datafield ind1=" " ind2=" " tag="752"><subfield code="a">United States</subfield><subfield code="b">Ohio</subfield><subfield code="c">Montgomery</subfield><subfield code="d">Trotwood.</subfield></datafield><datafield ind1="0" ind2="0" tag="780"><subfield code="t">Sentinel (Trotwood, Ohio : 1972)</subfield><subfield code="w">(DLC)sn 88077165</subfield></datafield><datafield ind1="0" ind2="7" tag="785"><subfield code="t">Englewood Argus</subfield><subfield code="w">(DLC)sn 90068447</subfield></datafield><datafield ind1="0" ind2="7" tag="785"><subfield code="t">Argus sentinel</subfield><subfield code="w">(DLC)sn 88077167</subfield></datafield><datafield ind1="1" ind2=" " tag="029"><subfield code="a">AU@</subfield><subfield code="b">000025841429</subfield></datafield></record>